@book{Opechowski1986,
    author={W. Opechowski},
    title={Crystallographic and Metacrystallographic Groups},
    publisher={North-Holland},
    year={1986}
}
@article{LITVIN1974538,
    title = {Spin groups},
    journal = {Physica},
    volume = {76},
    number = {3},
    pages = {538--554},
    year = {1974},
    issn = {0031-8914},
    doi = {https://doi.org/10.1016/0031-8914(74)90157-8},
    url = {https://www.sciencedirect.com/science/article/pii/0031891474901578},
    author = {D.B. Litvin and W. Opechowski},
}
@article{doi:10.1063/1.1708514,
    author = {Brinkman,W.  and Elliott,R. J. },
    title = {Space Group Theory for Spin Waves},
    journal = {J. Appl. Phys.},
    volume = {37},
    number = {3},
    pages = {1457--1459},
    year = {1966},
    doi = {10.1063/1.1708514},
    URL = {https://doi.org/10.1063/1.1708514},
}
@article{doi:10.1098/rspa.1966.0211,
    author = {Brinkman, W. F.  and Elliott, Roger James  and Peierls, Rudolf Ernst },
    title = {Theory of spin-space groups},
    journal = {Proc. Math. Phys. Eng. Sci.},
    volume = {294},
    number = {1438},
    pages = {343--358},
    year = {1966},
    doi = {10.1098/rspa.1966.0211},
    URL = {https://royalsocietypublishing.org/doi/abs/10.1098/rspa.1966.0211},
}
@article{PhysRevX.12.021016,
  title = {Spin-Group Symmetry in Magnetic Materials with Negligible Spin-Orbit Coupling},
  author = {Liu, Pengfei and Li, Jiayu and Han, Jingzhi and Wan, Xiangang and Liu, Qihang},
  journal = {Phys. Rev. X},
  volume = {12},
  issue = {2},
  pages = {021016},
  numpages = {19},
  year = {2022},
  month = {Apr},
  publisher = {American Physical Society},
  doi = {10.1103/PhysRevX.12.021016},
  url = {https://link.aps.org/doi/10.1103/PhysRevX.12.021016}
}
@article{Litvin:a09793,
    author = "Litvin, D. B.",
    title = "{Spin translation groups and neutron diffraction analysis}",
    journal = "Acta Cryst. A",
    year = "1973",
    volume = "29",
    number = "6",
    pages = "651--660",
    month = "Nov",
    doi = {10.1107/S0567739473001658},
    url = {https://doi.org/10.1107/S0567739473001658},
}
@article{Litvin:a14103,
    author = "Litvin, D. B.",
    title = "{Spin point groups}",
    journal = "Acta Cryst. A",
    year = "1977",
    volume = "33",
    number = "2",
    pages = "279--287",
    month = "Mar",
    doi = {10.1107/S0567739477000709},
    url = {https://doi.org/10.1107/S0567739477000709},
}
@book{10.1093/acprof:oso/9780198510581.001.0001,
    author = {Gower, John C and Dijksterhuis, Garmt B},
    title = "Procrustes Problems",
    publisher = {Oxford University Press},
    year = {2004},
    month = {01},
    isbn = {9780198510581},
    doi = {10.1093/acprof:oso/9780198510581.001.0001},
    url = {https://doi.org/10.1093/acprof:oso/9780198510581.001.0001},
}
@article{Gubler1982,
    url = {https://doi.org/10.1524/zkri.1982.158.12.1},
    title = {Normalizer groups and automorphism groups of symmetry groups},
    author = {Martin Gubler},
    pages = {1--26},
    volume = {158},
    number = {1-2},
    journal = {Z. Kristallogr. Cryst. Mater.},
    doi = {doi:10.1524/zkri.1982.158.12.1},
    year = {1982},
    lastchecked = {2023-02-03}
}
@incollection{koch2016normalizers,
  title={Normalizers of space groups and their use in crystallography},
  author={Koch, E and Fischer, W and M{\"u}ller, U},
  chapter={3.5},
  pages={826--851},
  booktitle={International Tables for Crystallography},
  editor={M. I. Aroyo},
  edition={6},
  volume = {A},
  year={2016},
  publisher={Wiley}
}
